@misc{aurora,
	author = {Nanoleaf},
	title = {{Aurora Smarter Kit [Energy Class A+]}},
	howpublished = "\url{http://amzn.to/2gWVK6g}",
}
@misc{laomao,
	author = {LAOMAO},
	title = {{LAOMAO Régulateur de tension DC-DC 4,5-30V à 0.8-30V 12A convertisseur de tension réglable Step Down Convertisseur }},
	howpublished = "\url{http://amzn.to/2uQO4Ys}",
}
@misc{salar,
	author = {SALAR},
	title = {{Bloc d'alimentation Salcar (12V 10A) 120W, transformateur pour: guirlande LED 5050}},
	howpublished = "\url{http://amzn.to/2upLcRF}",
}
@misc{led,
	author = {BTF-LIGHTING},
	title = {{BTF-LIGHTING WS2811 150leds 30pixels PCB noir}},
	howpublished = "\url{http://amzn.to/2tDvaoH}",
}
@misc{glediator,
	author = {SolderLab},
	title = {{Glediator}},
	howpublished = "\url{http://www.solderlab.de/index.php/software/glediator}",
}
